@article{Zachary,
author = {Wayne W. Zachary},
title = {An Information Flow Model for Conflict and Fission in Small Groups},
journal = {Journal of Anthropological Research},
year = 1977,
volume = 33,
}

@article{big,
author = {},
title = {},
journal = {},
year = ,
volume = {},
}